@online{10schools,
author = {Scotty Hendricks},
title = {10 schools of philosophy and why you should know them},
year = {2017},
url = {https://bigthink.com/thinking/10-schools-of-philosophy-and-why-you-should-know-them/},
language = {English},
organization = {BigThink},
date = {2017-12-10},
month = {December},
urldate = {2022-8-16},
}
