@online{conflict_morocco_spain,
author = {Memorias de Pez},
title = {Las 4 CLAVES del conflicto entre MARRUECOS y ESPAÑA | Resumen de la CRISIS entre ESPAÑA y MARRUECOS},
year = {2021},
url = {https://www.youtube.com/watch?v=5ADhiE_tES0},
language = {Spanish},
organization = {YouTube},
date = {2021-05-20},
urldate = {2022-08-17},
}
