@online{timezones_origin,
author = {Anne Buckle},
title = {Why Do We Have Time Zones?},
year = {2014},
url = {https://www.timeanddate.com/time/time-zones-history.html},
language = {English},
organization = {Time And Date},
date = {2014-09-25},
urldate = {2022-08-17},
}

@online{spanish_timezone,
author = {Jaime Rubio Hancock},
title = {Breve historia de un siglo cambiando de hora},
year = {2018},
url = {https://verne.elpais.com/verne/2018/09/01/articulo/1535793808_157511.html},
language = {Spanish},
organization = {El Pais},
date = {2018-09-01},
urldate = {2022-08-17},
}

@online{spanish_timezone_change,
author = {Antía Castedo},
title = {Por qué España tiene un huso horario que no le corresponde (y hay un debate para cambiarlo)},
year = {2016},
url = {https://www.bbc.com/mundo/noticias-37762613},
language = {Spanish},
organization = {BBC},
date = {2016-10-28},
urldate = {2022-08-17},
}

@online{canary_timezone,
author = {Manuel M. Almeida},
title = {El rocambolesco origen de la hora oficial de Canarias},
year = {2013},
url = {https://mangasverdes.es/2013/11/07/origen-hora-oficial-de-canarias/},
language = {Spanish},
organization = {Mangas Verdes},
date = {2013-11-07},
urldate = {2022-08-17},
}